<?xml version="1.0" encoding="UTF-8"?><collection xmlns="http://www.loc.gov/MARC21/slim"><record><leader>00521nam--2200181-i-4500</leader><controlfield tag="001">000004272</controlfield><controlfield tag="002">20161230</controlfield><controlfield tag="005">20161230201025</controlfield><controlfield tag="008">060222s1000------------r-----000-0-eng-d</controlfield><datafield ind1=" " ind2=" " tag="040"><subfield code="a">IFIN-HH</subfield></datafield><datafield ind1=" " ind2=" " tag="080"><subfield code="a">533.2</subfield></datafield><datafield ind1="1" ind2=" " tag="100"><subfield code="a">Bisplinghoff, Raymond L</subfield></datafield><datafield ind1="1" ind2="0" tag="245"><subfield code="a">Aeroelasticity</subfield><subfield code="c">R.l. bisplinghoff, holt ashley, robert l. halfman</subfield></datafield><datafield ind1=" " ind2=" " tag="260"><subfield code="a">Canbridge/Mass</subfield><subfield code="b">Addison-wesley Publishing Company, Inc</subfield><subfield code="c">1955</subfield></datafield><datafield ind1=" " ind2=" " tag="300"><subfield code="a">VI + 860 P</subfield></datafield><datafield ind1="1" ind2=" " tag="700"><subfield code="a">Halfman, Robert L</subfield></datafield><datafield ind1=" " ind2=" " tag="852"><subfield code="a">5363</subfield><subfield code="c">539.3</subfield></datafield><datafield ind1=" " ind2=" " tag="CAT"><subfield code="a">Sys</subfield><subfield code="c">20121220</subfield><subfield code="h">132740</subfield></datafield></record></collection>